<?xml version="1.0" encoding="UTF-8"?><collection xmlns="http://www.loc.gov/MARC21/slim"><record><leader>00567nam--2200181-i-4500</leader><controlfield tag="001">000028272</controlfield><controlfield tag="002">20161230</controlfield><controlfield tag="005">20161230201037</controlfield><controlfield tag="008">060222s1000------------r-----000-0-eng-d</controlfield><datafield ind1=" " ind2=" " tag="040"><subfield code="a">IFIN-HH</subfield></datafield><datafield ind1=" " ind2=" " tag="080"><subfield code="a">539.141(042.4)</subfield></datafield><datafield ind1="1" ind2=" " tag="100"><subfield code="a">Kubo, Ryogo</subfield></datafield><datafield ind1="1" ind2="0" tag="245"><subfield code="a">Many-body theory</subfield><subfield code="b">1965 tokyo summer lectures in theoretical physics. part i</subfield><subfield code="c">Ryogo kubo (ed.)</subfield></datafield><datafield ind1=" " ind2=" " tag="260"><subfield code="a">Tokyo</subfield><subfield code="b">Syokabo Publishing Company</subfield><subfield code="c">1966</subfield></datafield><datafield ind1=" " ind2=" " tag="300"><subfield code="a">IV + 160P</subfield></datafield><datafield ind1=" " ind2=" " tag="490"><subfield code="a">1965 Tokyo Summer Lectures In Theoretical Physics. Part I</subfield></datafield><datafield ind1=" " ind2=" " tag="852"><subfield code="a">24712</subfield><subfield code="c">539.141</subfield></datafield><datafield ind1=" " ind2=" " tag="CAT"><subfield code="a">Sys</subfield><subfield code="c">20120417</subfield><subfield code="h">162339</subfield></datafield></record></collection>